<marcxml:record xmlns:marcxml="http://www.loc.gov/MARC21/slim" xmlns:idx="info:lc/xq-modules/lcindex" xmlns:madsrdf="http://www.loc.gov/mads/rdf/v1#" xmlns:ri="http://id.loc.gov/ontologies/RecordInfo#" xmlns:xlink="http://www.w3.org/1999/xlink" xmlns:rdf="http://www.w3.org/1999/02/22-rdf-syntax-ns#" xmlns:mets="http://www.loc.gov/METS/" xmlns:semtriples="http://marklogic.com/semantic" xmlns:xsi="http://www.w3.org/2001/XMLSchema-instance" xmlns:streams="info:lc/streams#">
            <marcxml:leader>01017cz  a2200169n  4500</marcxml:leader>
            <marcxml:controlfield tag="001">sh2009009222</marcxml:controlfield>
            <marcxml:controlfield tag="003">DLC</marcxml:controlfield>
            <marcxml:controlfield tag="005">20091210075906.0</marcxml:controlfield>
            <marcxml:controlfield tag="008">091109|| anannbabn          |a ana      </marcxml:controlfield>
            <marcxml:datafield tag="010" ind1=" " ind2=" ">
              <marcxml:subfield code="a">sh2009009222</marcxml:subfield>
            </marcxml:datafield>
            <marcxml:datafield tag="040" ind1=" " ind2=" ">
              <marcxml:subfield code="a">DLC</marcxml:subfield>
              <marcxml:subfield code="b">eng</marcxml:subfield>
              <marcxml:subfield code="c">DLC</marcxml:subfield>
            </marcxml:datafield>
            <marcxml:datafield tag="110" ind1="2" ind2=" ">
              <marcxml:subfield code="a">Villa Corsini a Castello (Florence, Italy)</marcxml:subfield>
            </marcxml:datafield>
            <marcxml:datafield tag="410" ind1="2" ind2=" ">
              <marcxml:subfield code="a">Corsini Villa of Castello (Florence, Italy)</marcxml:subfield>
            </marcxml:datafield>
            <marcxml:datafield tag="410" ind1="2" ind2=" ">
              <marcxml:subfield code="a">Rinieri Villa (Florence, Italy)</marcxml:subfield>
            </marcxml:datafield>
            <marcxml:datafield tag="410" ind1="2" ind2=" ">
              <marcxml:subfield code="a">Villa Rinieri-Corsini (Florence, Italy)</marcxml:subfield>
            </marcxml:datafield>
            <marcxml:datafield tag="670" ind1=" " ind2=" ">
              <marcxml:subfield code="a">Work cat.: 2009479754: Villa Corsini a Castello, c2009:</marcxml:subfield>
              <marcxml:subfield code="b">t.p. [and most of text] (Villa Corsini a Castello) p. 1 (Villa Corsini) p. 3 (Villa Rinieri-Corsini)</marcxml:subfield>
            </marcxml:datafield>
            <marcxml:datafield tag="670" ind1=" " ind2=" ">
              <marcxml:subfield code="a">Polo museale della città di Firenze, WWW, Nov. 6, 2009:</marcxml:subfield>
              <marcxml:subfield code="b">(Villa Corsini a Castello; Corsini Villa of Castello; Villa Corsini; "I Ranieri"; villa in the Castello district of Florence, owned by the Rinieri family in the 16th cent. and sold to Filippo Corsini in 1697; the villa is administered by the Polo museale di Firenze and currently houses works owned by the Museo archeologico di Firenze)</marcxml:subfield>
            </marcxml:datafield>
          </marcxml:record>
